@book{ArtElectronics,
publisher = "Cambridge University Press",
isbn = "0521370957",
year = "1989",
title = "The art of electronics",
edition = "2nd ed..",
language = "eng",
address = "Cambridge [England] ; New York",
author = "Horowitz, Paul",
keywords = "Electronics; Electronic circuit design",
lccn = "89000468",
}
@book{BEGrob,
publisher = "McGraw-Hill",
isbn = "0071004432",
year = "1987",
title = "Basic electronics",
edition = "1st metric ed..",
language = "eng",
address = "New York",
author = "Grob, Bernard",
keywords = "Electronics",
}


